@InProceedings{C2,
  author = 	 "Jones, C.D. and Smith, A.B. and Roberts, E.F.",
  title =        "Article Title",
  booktitle =        "Proceedings Title",
  organization = "IEEE",
  year = 	 "2003",
  volume = 	 "II",
  pages = 	 "803-806"
}

@Article{Lamp86,
  author =       "A.B. Smith and C.D. Jones and E.F. Roberts",
  title =        "Article Title",
  journal = 	 "Journal",
  year = 	 "1920",
  volume = 	 "62",
  pages = 	 "291-294",
  month = 	 "January"
}

@article{Nguyen2011discrete,
  title={A discrete geometry approach for dominant point detection},
  author={Nguyen, Thanh Phuong and Debled-Rennesson, Isabelle},
  journal={Pattern Recognition},
  volume={44},
  number={1},
  pages={32--44},
  year={2011},
  publisher={Elsevier}
}
